@inproceedings{ratinov2009design,
  title={Design challenges and misconceptions in named entity recognition},
  author={Ratinov, L. and Roth, D.},
  booktitle={Proceedings of the Thirteenth Conference on Computational Natural Language Learning},
  pages={147--155},
  year={2009},
  organization={Association for Computational Linguistics}
}

@inproceedings{nivre2004deterministic,
  title={Deterministic dependency parsing of English text},
  author={Nivre, J. and Scholz, M.},
  booktitle={Proceedings of the 20th international conference on Computational Linguistics},
  pages={64},
  year={2004},
  organization={Association for Computational Linguistics}
}

@inproceedings{liang2008asymptotic,
  title={An asymptotic analysis of generative, discriminative, and pseudolikelihood estimators},
  author={Liang, P. and Jordan, M.I.},
  booktitle={Proceedings of the 25th international conference on Machine learning},
  pages={584--591},
  year={2008},
  organization={ACM}
}

@inproceedings{ng2004feature,
  title={Feature selection, L 1 vs. L 2 regularization, and rotational invariance},
  author={Ng, A.Y.},
  booktitle={Proceedings of the twenty-first international conference on Machine learning},
  pages={78},
  year={2004},
  organization={ACM}
}